<?xml version='1.0' encoding='UTF-8'?>
<record xmlns="http://www.loc.gov/MARC21/slim">
  <leader>01441cam a2200409   4500</leader>
  <controlfield tag="001">1379788</controlfield>
  <controlfield tag="003">NjP</controlfield>
  <controlfield tag="005">20170905111047.0</controlfield>
  <controlfield tag="008">750521s1968    iq            000 0 ara d</controlfield>
  <datafield tag="024" ind1="7" ind2=" ">
    <subfield code="a">princeton_aco002529</subfield>
    <subfield code="2">local</subfield>
  </datafield>
  <datafield ind1=" " ind2=" " tag="035">
    <subfield code="a">(OCoLC)ocn176535562</subfield>
  </datafield>
  <datafield ind1=" " ind2=" " tag="035">
    <subfield code="a">(OCoLC)ocm01348767</subfield>
  </datafield>
  <datafield ind1=" " ind2=" " tag="035">
    <subfield code="a">(OCoLC)176535562</subfield>
  </datafield>
  <datafield ind1=" " ind2=" " tag="035">
    <subfield code="9">CEC3664TS</subfield>
  </datafield>
  <datafield ind1=" " ind2=" " tag="035">
    <subfield code="a">(NjP)1379788</subfield>
  </datafield>
  <datafield ind1=" " ind2=" " tag="035">
    <subfield code="a">1379788</subfield>
  </datafield>
  <datafield ind1=" " ind2=" " tag="040">
    <subfield code="a">OSU</subfield>
    <subfield code="c">PUL</subfield>
    <subfield code="d">PUL</subfield>
  </datafield>
  <datafield ind1="0" ind2=" " tag="041">
    <subfield code="a">engfreara</subfield>
  </datafield>
  <datafield ind1=" " ind2=" " tag="049">
    <subfield code="a">PULL</subfield>
  </datafield>
  <datafield ind1=" " ind2=" " tag="079">
    <subfield code="a">ocm01348767</subfield>
  </datafield>
  <datafield ind1="1" ind2=" " tag="110">
    <subfield code="6">880-01</subfield>
    <subfield code="a">Iraq.</subfield>
    <subfield code="b">Mudīrīyat al-Āthār al-ʻĀmmah.</subfield>
    <subfield code="0">http://id.loc.gov/authorities/names/n50065561</subfield>
  </datafield>
  <datafield ind1="1" ind2="0" tag="245">
    <subfield code="a">Babylonian costumes -</subfield>
    <subfield code="b">les costumes babyloniens /</subfield>
    <subfield code="c">Directorate General of Antiquities.</subfield>
  </datafield>
  <datafield ind1=" " ind2=" " tag="260">
    <subfield code="a">Baghdad :</subfield>
    <subfield code="b">The Directorate,</subfield>
    <subfield code="c">1968.</subfield>
  </datafield>
  <datafield ind1=" " ind2=" " tag="300">
    <subfield code="a">[100] p. :</subfield>
    <subfield code="b">ill. ;</subfield>
    <subfield code="c">26 cm.</subfield>
  </datafield>
  <datafield ind1="1" ind2=" " tag="490">
    <subfield code="a">Its Costumes of Iraq ;</subfield>
    <subfield code="v">2</subfield>
  </datafield>
  <datafield ind1=" " ind2=" " tag="500">
    <subfield code="a">Text in Arabic, English and French.</subfield>
  </datafield>
  <datafield ind1=" " ind2=" " tag="500">
    <subfield code="a">Added title page: al-'Azyā' al-Babilīyah.</subfield>
  </datafield>
  <datafield ind1=" " ind2="0" tag="650">
    <subfield code="a">Costume</subfield>
    <subfield code="z">Iraq</subfield>
  </datafield>
  <datafield ind1=" " ind2="0" tag="650">
    <subfield code="a">Costume</subfield>
    <subfield code="z">Babylon</subfield>
  </datafield>
  <datafield ind1="4" ind2=" " tag="740">
    <subfield code="a">Les costumes babyloniens.</subfield>
  </datafield>
  <datafield ind1="4" ind2=" " tag="740">
    <subfield code="6">880-02</subfield>
    <subfield code="a">al-'Azyā' al-Babilīyah.</subfield>
  </datafield>
  <datafield ind1="1" ind2=" " tag="810">
    <subfield code="a">Iraq.</subfield>
    <subfield code="b">Mudīrīyat al-Āthār al-ʻĀmmah.</subfield>
    <subfield code="t">Costumes of Iraq ;</subfield>
    <subfield code="v">2.</subfield>
  </datafield>
  <datafield ind1="1" ind2=" " tag="880">
    <subfield code="6">110-01/r</subfield>
    <subfield code="a">ارق.</subfield>
    <subfield code="b">مديرية الاثار العامة.</subfield>
  </datafield>
  <datafield ind1="4" ind2=" " tag="880">
    <subfield code="6">740-02/r</subfield>
    <subfield code="a">ال'زيا' الببلية.</subfield>
  </datafield>
  <datafield ind1=" " ind2=" " tag="947">
    <subfield code="a">CEC3664</subfield>
  </datafield>
  <datafield ind1=" " ind2=" " tag="911">
    <subfield code="a">20000220</subfield>
  </datafield>
  <datafield ind1=" " ind2=" " tag="994">
    <subfield code="a">C0</subfield>
    <subfield code="b">PUL</subfield>
  </datafield>
  <datafield ind1=" " ind2=" " tag="999">
    <subfield code="a">1379788</subfield>
  </datafield>
  <datafield ind1="0" ind2="0" tag="852">
    <subfield code="0">1584104</subfield>
    <subfield code="b">nec</subfield>
    <subfield code="t">0</subfield>
    <subfield code="h">GT535</subfield>
    <subfield code="i">.I768 1968</subfield>
  </datafield>
  <datafield ind1=" " ind2=" " tag="959">
    <subfield code="a">2000-06-13 00:00:00 -0500</subfield>
  </datafield>
</record>
